@article{somepaper,
title = {Title of a very relevant paper},
author = {A. N. Author},
booktitle = {Publication},
year = {2010}
}
